<record><leader>00000cas a2200000 a 4500</leader><controlfield tag="001">9607567</controlfield><controlfield tag="008">830615d17671770maucr ne      0   a0eng c</controlfield><datafield ind1=" " ind2=" " tag="010"><subfield code="a">sn 83020870 </subfield></datafield><datafield ind1=" " ind2=" " tag="040"><subfield code="a">NPX</subfield><subfield code="b">eng</subfield><subfield code="c">NPX</subfield><subfield code="d">OCL</subfield><subfield code="d">NPA</subfield><subfield code="d">NPU</subfield><subfield code="d">DLC</subfield><subfield code="d">OCL</subfield><subfield code="d">NJW</subfield><subfield code="d">KNP</subfield><subfield code="d">MFN</subfield><subfield code="d">MGN</subfield><subfield code="d">KNP</subfield><subfield code="d">MGN</subfield><subfield code="d">CNK</subfield><subfield code="d">CNW</subfield><subfield code="d">FUG</subfield><subfield code="d">NVK</subfield><subfield code="d">OCL</subfield><subfield code="d">CVF</subfield><subfield code="d">NYS</subfield><subfield code="d">KRTAS</subfield><subfield code="d">OCLCQ</subfield><subfield code="d">OCLCF</subfield><subfield code="d">OCLCO</subfield><subfield code="d">DLC</subfield><subfield code="d">OCLCO</subfield><subfield code="d">HUL</subfield><subfield code="d">NLC</subfield></datafield><datafield ind1=" " ind2=" " tag="012"><subfield code="b">3</subfield></datafield><datafield ind1=" " ind2=" " tag="016"><subfield code="a">(AMICUS)000005932748</subfield></datafield><datafield ind1=" " ind2=" " tag="019"><subfield code="a">1536846</subfield></datafield><datafield ind1="0" ind2=" " tag="022"><subfield code="a">2469-9802</subfield><subfield code="l">2469-9802</subfield><subfield code="2">1</subfield></datafield><datafield ind1="1" ind2=" " tag="029"><subfield code="a">AU@</subfield><subfield code="b">000020292417</subfield></datafield><datafield ind1=" " ind2=" " tag="042"><subfield code="a">pcc</subfield><subfield code="a">nsdp</subfield></datafield><datafield ind1=" " ind2=" " tag="043"><subfield code="a">n-us-ma</subfield></datafield><datafield ind1="0" ind2="0" tag="050"><subfield code="a">Newspaper</subfield></datafield><datafield ind1="1" ind2="0" tag="082"><subfield code="a">071</subfield><subfield code="2">23</subfield></datafield><datafield ind1="0" ind2=" " tag="130"><subfield code="a">Boston chronicle (Boston, Mass. : 1767)</subfield></datafield><datafield ind1=" " ind2="4" tag="222"><subfield code="a">The Boston chronicle</subfield><subfield code="b">(Boston, Mass. 1767)</subfield></datafield><datafield ind1="1" ind2="4" tag="245"><subfield code="a">The Boston chronicle.</subfield></datafield><datafield ind1=" " ind2=" " tag="260"><subfield code="a">Boston [Mass.] :</subfield><subfield code="b">Mein &amp; Fleeming,</subfield><subfield code="c">1767-1770.</subfield></datafield><datafield ind1=" " ind2=" " tag="300"><subfield code="a">v.</subfield></datafield><datafield ind1=" " ind2=" " tag="310"><subfield code="a">Semiweekly,</subfield><subfield code="b">Jan. 9, 1769-June 25, 1770</subfield></datafield><datafield ind1=" " ind2=" " tag="321"><subfield code="a">Weekly,</subfield><subfield code="b">Dec. 21, 1767-Jan. 2, 1769</subfield></datafield><datafield ind1="0" ind2=" " tag="362"><subfield code="a">Vol. 1, no. 1 (Dec. 21, 1767)-v. 3, no. 26 (June 21-25, 1770).</subfield></datafield><datafield ind1=" " ind2=" " tag="500"><subfield code="a">Prospectus issued Oct. 22, 1767.</subfield></datafield><datafield ind1=" " ind2=" " tag="500"><subfield code="a">Vol. 1, no. 1-2 reprinted in Dec. 1768; reprints lack colophon.</subfield></datafield><datafield ind1=" " ind2=" " tag="515"><subfield code="a">Issues for Vol. 2, no. 1 (Dec. 26, 1768/Jan. 2, 1769)- vol. 3, no. 26 (June 21-25, 1770) also called no. 55-208.</subfield></datafield><datafield ind1=" " ind2=" " tag="530"><subfield code="a">Also issued in microopaque and microfilm from Readex Microprint Corp.</subfield></datafield><datafield ind1="8" ind2=" " tag="555"><subfield code="a">Subject index: Vol. 1, 1767-1768, with v. 1.</subfield></datafield><datafield ind1=" " ind2="0" tag="651"><subfield code="a">Boston (Mass.)</subfield><subfield code="v">Newspapers.</subfield></datafield><datafield ind1=" " ind2="0" tag="651"><subfield code="a">Suffolk County (Mass.)</subfield><subfield code="v">Newspapers.</subfield></datafield><datafield ind1=" " ind2="7" tag="651"><subfield code="a">Massachusetts</subfield><subfield code="z">Boston.</subfield><subfield code="2">fast</subfield><subfield code="0">(OCoLC)fst01205012</subfield></datafield><datafield ind1=" " ind2="7" tag="651"><subfield code="a">Massachusetts</subfield><subfield code="z">Suffolk County.</subfield><subfield code="2">fast</subfield><subfield code="0">(OCoLC)fst01206189</subfield></datafield><datafield ind1=" " ind2="7" tag="655"><subfield code="a">Newspapers.</subfield><subfield code="2">fast</subfield><subfield code="0">(OCoLC)fst01423814</subfield></datafield><datafield ind1="1" ind2=" " tag="700"><subfield code="a">Mein, John.</subfield></datafield><datafield ind1="1" ind2=" " tag="700"><subfield code="a">Fleeming, John.</subfield></datafield><datafield ind1=" " ind2=" " tag="752"><subfield code="a">United States</subfield><subfield code="b">Massachusetts</subfield><subfield code="c">Suffolk</subfield><subfield code="d">Boston.</subfield></datafield><datafield ind1="0" ind2=" " tag="776"><subfield code="c">Microfilm</subfield><subfield code="w">(OCoLC)10686585</subfield></datafield><datafield ind1="0" ind2=" " tag="776"><subfield code="c">Microprint</subfield><subfield code="w">(OCoLC)5026094</subfield></datafield><datafield ind1=" " ind2=" " tag="938"><subfield code="a">Kirtas Technologies, Inc.</subfield><subfield code="b">KRTS</subfield><subfield code="n">736883</subfield></datafield></record>